<record><leader>00000cas a22000007a 4500</leader><controlfield tag="001">20674584</controlfield><controlfield tag="008">891120d19331987mnuwr ne      0    0eng d</controlfield><datafield ind1=" " ind2=" " tag="010"><subfield code="a">sn 89064550 </subfield></datafield><datafield ind1=" " ind2=" " tag="040"><subfield code="a">MN#</subfield><subfield code="b">eng</subfield><subfield code="c">MN#</subfield><subfield code="d">OCLCQ</subfield><subfield code="d">OCLCF</subfield><subfield code="d">OCLCO</subfield></datafield><datafield ind1=" " ind2=" " tag="042"><subfield code="a">msc</subfield></datafield><datafield ind1=" " ind2=" " tag="043"><subfield code="a">n-us-mn</subfield></datafield><datafield ind1=" " ind2=" " tag="052"><subfield code="a">4144</subfield><subfield code="b">L35</subfield></datafield><datafield ind1=" " ind2=" " tag="052"><subfield code="a">4143</subfield><subfield code="b">F5</subfield></datafield><datafield ind1="0" ind2=" " tag="130"><subfield code="a">Lanesboro leader (Lanesboro, Minn. : 1933)</subfield></datafield><datafield ind1="1" ind2="4" tag="245"><subfield code="a">The Lanesboro leader.</subfield></datafield><datafield ind1=" " ind2=" " tag="260"><subfield code="a">Lanesboro, Minn. :</subfield><subfield code="b">J.M. Dunbar and J.M. Herrmann,</subfield><subfield code="c">1933-1987.</subfield></datafield><datafield ind1=" " ind2=" " tag="300"><subfield code="a">45 v.</subfield></datafield><datafield ind1=" " ind2=" " tag="310"><subfield code="a">Weekly</subfield></datafield><datafield ind1="0" ind2=" " tag="362"><subfield code="a">Vol. 35, no. 1 (May 18, 1933)-79th year, no. 4 (May 6, 1987).</subfield></datafield><datafield ind1=" " ind2=" " tag="530"><subfield code="a">Available on microfilm from the Minnesota Historical Society.</subfield></datafield><datafield ind1=" " ind2="0" tag="651"><subfield code="a">Lanesboro (Minn.)</subfield><subfield code="v">Newspapers.</subfield></datafield><datafield ind1=" " ind2="7" tag="655"><subfield code="a">Newspapers.</subfield><subfield code="2">fast</subfield><subfield code="0">(OCoLC)fst01423814</subfield></datafield><datafield ind1=" " ind2="7" tag="651"><subfield code="a">Minnesota</subfield><subfield code="z">Lanesboro.</subfield><subfield code="2">fast</subfield><subfield code="0">(OCoLC)fst01233192</subfield></datafield><datafield ind1=" " ind2=" " tag="752"><subfield code="a">United States</subfield><subfield code="b">Minnesota</subfield><subfield code="c">Fillmore</subfield><subfield code="d">Lanesboro.</subfield></datafield><datafield ind1="0" ind2="0" tag="780"><subfield code="t">Levang's weekly</subfield><subfield code="w">(DLC)sn 89064549</subfield></datafield><datafield ind1="0" ind2="7" tag="785"><subfield code="t">Preston Republican (Preston, Minn. : 1954)</subfield><subfield code="w">(DLC)sn 89064669</subfield></datafield><datafield ind1="0" ind2="7" tag="785"><subfield code="t">Preston Republican, the Lanesboro leader</subfield><subfield code="w">(DLC)sn 92058703</subfield></datafield></record>